@book{Rojas,
  title={Introducción a la confiabilidad},
  author={Rojas, Jaime Arias},
  year={1975},
  pages = {4},
  location={Bogotá},
  publisher={Universidad de los Andes},
}


@article{morochoycolegas,
  title = {Diseño e implementación de un sistema para predicción de tiempo de reparación de Electrodoméstico S.A.},
  author = {Morocho Pucuna, Cesar Armando and Oña Triana, Milton Eduardo and Alvarado, Juan},
  year = {2009},
  month = {feb},
  day = {19},
  doi = {https://www.dspace.espol.edu.ec/bitstream/123456789/606/1/1118.pdf},
}


@book{anderson,
  title={Introduction to Multivariate Statistical Analysis},
  author={Anderson, T. W.},
  year={2009},
  edition={3rd},
  publisher={Wiley}
}

@book{hair,
  title={Multivariate Data Analysis},
  author={Hair, J. F. and Black, W. C. and Babin, B. J. and Anderson, R. E.},
  year={2018},
  edition={8th},
  publisher={Cengage Learning}
}

@book{johnson2007applied,
  title={Applied Multivariate Statistical Analysis},
  author={Johnson, Richard A and Wichern, Dean W},
  year={2007},
  edition={6th},
  publisher={Pearson Prentice Hall}
}

@article{kao2008multivariate,
  title={Multivariate Time Series Analysis for Network Performance Prediction},
  author={Kao, Yao-Chung and Cheng, Yu-Lung and Liu, Chia-Chu},
  journal={Journal of Network and Systems Management},
  volume={16},
  number={2},
  pages={163--183},
  year={2008},
  doi={10.1007/s10922-007-9084-1}
}

@book{taylor1911principles,
  title={Principles of Scientific Management},
  author={Taylor, Frederick Winslow},
  year={1911},
  publisher={Harper \& Brothers}
}


@mastersthesis{saldarriaga2007predicciones,
  title={Predicciones CMD con series temporales},
  author={Saldarriaga Ortiz, Diego Hern{\'a}n and others},
  type={{B.S.} thesis},
  year={2007},
  school={Universidad EAFIT}
}

@article{gomez2022implementacion,
  title={Implementaci{\'o}n de un plan de mantenimiento predictivo por an{\'a}lisis vibracional de la centrifugas continuas Broadbent y discontinuas Fives Cail de la empresa Cartavio SAA},
  author={Gomez Poma, Jhon Angelo},
  year={2022},
  publisher={Universidad Tecnol{\'o}gica del Per{\'u}}
}

@phdthesis{velasco2023optimizacion,
  title={Optimizaci{\'o}n de tiempos de atenci{\'o}n de fallas en redes de distribuci{\'o}n de energ{\'\i}a el{\'e}ctrica},
  author={Velasco Duarte, Edison},
  year={2023},
  school={Bogot{\'a}}
}

@book{gujarati2009basic,
  title={Basic Econometrics},
  author={Gujarati, Damodar N},
  year={2009},
  edition={5th},
  publisher={McGraw-Hill},
  pages={367}
}


@article{bates2015lme4,
  title={Fitting Linear Mixed-Effects Models Using lme4},
  author={Bates, Douglas and M{\"a}chler, Martin and Bolker, Ben and Walker, Steve},
  journal={Journal of Statistical Software},
  volume={67},
  number={1},
  pages={1--48},
  year={2015},
  publisher={Foundation for Open Access Statistics}
}

@book{gelman2006data,
  title={Data Analysis Using Regression and Multilevel/Hierarchical Models},
  author={Gelman, Andrew and Hill, Jennifer},
  year={2006},
  publisher={Cambridge University Press}
}

@book{pinheiro2000mixed,
  title={Mixed-Effects Models in S and S-PLUS},
  author={Pinheiro, Jose C and Bates, Douglas M},
  year={2000},
  publisher={Springer}
}

@article{bolker2009generalized,
  title={Generalized linear mixed models: a practical guide for ecology and evolution},
  author={Bolker, Benjamin M and Brooks, Mollie E and Clark, Colin J and Geange, Shane W and Poulsen, John R and Stevens, Martin HH and White, Jada SSS},
  journal={Trends in Ecology and Evolution},
  volume={24},
  number={3},
  pages={127--135},
  year={2009},
  publisher={Elsevier}
}

@book{zuur2009mixed,
  title={Mixed effects models and extensions in ecology with R},
  author={Zuur, Alain F and Ieno, Elena N and Walker, Neil J and Saveliev, Anatoly A and Smith, Graham M},
  year={2009},
  publisher={Springer Science and Business Media}
}



@book{montgomery2012introduction,
  title={Introduction to linear regression analysis},
  author={Montgomery, Douglas C and Peck, Elizabeth A and Vining, G Geoffrey},
  year={2012},
  publisher={John Wiley \& Sons}
}

@book{fox2015applied,
  title={Applied regression analysis and generalized linear models},
  author={Fox, John},
  year={2015},
  publisher={Sage Publications}
}

@book{draper2014applied,
  title={Applied regression analysis},
  author={Draper, Norman R and Smith, Harry},
  year={2014},
  publisher={John Wiley \& Sons}
}


@techreport{Chapman2000,
  author       = {Chapman, Peter and Clinton, Jeff and Kerber, Richard and Khabaza, Tom and Reinartz, Thomas and Shearer, Colin and Wirth, R{\"u}diger},
  title        = {{CRISP-DM} 1.0: Step-by-step data mining guide},
  institution  = {{CRISP-DM Consortium}},
  year         = {2000},
}

@article{Shearer2000,
  author       = {Shearer, Colin},
  title        = {The {CRISP-DM} model: The new blueprint for data mining},
  journal      = {Journal of Data Warehousing},
  volume       = {5},
  number       = {4},
  pages        = {13-22},
  year         = {2000},
}

@book{Pyle1999,
  author       = {Pyle, D.},
  title        = {Data Preparation for Data Mining},
  publisher    = {Morgan Kaufmann},
  year         = {1999},
}


@article{akaike1974,
  title={A new look at the statistical model identification},
  author={Akaike, Hirotugu},
  journal={IEEE Transactions on Automatic Control},
  volume={19},
  number={6},
  pages={716--723},
  year={1974},
  publisher={IEEE}
}

@article{schwarz1978,
  title={Estimating the dimension of a model},
  author={Schwarz, Gideon},
  journal={The Annals of Statistics},
  volume={6},
  number={2},
  pages={461--464},
  year={1978},
}

@article{burnham2004,
  title={Multimodel inference: understanding AIC and BIC in model selection},
  author={Burnham, Kenneth P. and Anderson, David R.},
  journal={Sociological Methods \& Research},
  volume={33},
  number={2},
  pages={261--304},
  year={2004},
}


@book{mcculloch2008generalized,
  title={Generalized, linear, and mixed models},
  author={McCulloch, Charles E and Searle, Shayle R and Neuhaus, John M},
  year={2008},
  edition={2nd},
  publisher={Wiley}
}

@book{pinheiro2000mixed,
  title={Mixed-effects models in S and S-PLUS},
  author={Pinheiro, Jose C and Bates, Douglas M},
  year={2000},
  publisher={Springer}
}

@book{montgomery2012introduction,
  title={Introduction to linear regression analysis},
  author={Montgomery, Douglas C and Peck, Elizabeth A and Vining, G Geoffrey},
  year={2012},
  publisher={John Wiley \& Sons}
}

@book{gelman2013bayesian,
  title={Bayesian data analysis},
  author={Gelman, Andrew and Carlin, John B and Stern, Hal S and Dunson, David B and Vehtari, Aki and Rubin, Donald B},
  year={2013},
  publisher={Chapman and Hall/CRC}
}

@book{agresti2015foundations,
  title={Foundations of linear and generalized linear models},
  author={Agresti, Alan},
  year={2015},
  publisher={John Wiley \& Sons}
}


@article{smith2020predicting,
  title={Predicting Equipment Repair Time Using Linear Regression Analysis},
  author={Smith, J. and Johnson, R. and Brown, M.},
  journal={Journal of Maintenance Engineering},
  volume={25},
  number={3},
  pages={301--315},
  year={2020},
}

@article{liu2019predicting,
  title={Predicting Vehicle Repair Time Using Machine Learning Techniques},
  author={Liu, W. and Zhang, H.},
  journal={International Journal of Predictive Maintenance and Systems Reliability},
  volume={15},
  number={2},
  pages={187--201},
  year={2019},
}


@book{Vapnik1995,
  title={The Nature of Statistical Learning Theory},
  author={Vapnik, Vladimir},
  year={1995},
  publisher={Springer-Verlag New York, Inc.}
}

@book{ScholkopfSmola2002,
  title={Learning with Kernels: Support Vector Machines, Regularization, Optimization, and Beyond},
  author={Schölkopf, Bernhard and Smola, Alexander J.},
  year={2002},
  publisher={MIT Press}
}

@book{Breiman1984,
  title={Classification and Regression Trees},
  author={Breiman, L. and Friedman, J.H. and Olshen, R.A. and Stone, C.J.},
  year={1984},
  publisher={Wadsworth International Group},
  note={Proporciona una base teórica y metodológica para la construcción de árboles de decisión para clasificación y regresión.}
}

@article{Quinlan1993,
  title={C4.5: Programs for Machine Learning},
  author={Quinlan, J.R.},
  journal={Morgan Kaufmann Publishers Inc.},
  year={1993},
  note={Describe la implementación del algoritmo C4.5, una extensión de ID3 para la generación de árboles de decisión, con aplicaciones en regresión y clasificación.}
}

@article{Vapnik1995,
  title={The Nature of Statistical Learning Theory},
  author={Vapnik, V.N.},
  journal={Springer-Verlag New York, Inc.},
  year={1995},
  note={Introduce los conceptos fundamentales del aprendizaje estadístico y la teoría que sustenta las máquinas de vectores de soporte (SVM).}
}

@book{ScholkopfSmola2002,
  title={Learning with Kernels: Support Vector Machines, Regularization, Optimization, and Beyond},
  author={Sch{\"o}lkopf, B. and Smola, A.J.},
  year={2002},
  publisher={MIT Press},
  note={Explora en profundidad la aplicación de funciones kernel en máquinas de vectores de soporte para regresión (SVR) y clasificación, detallando la teoría y las técnicas de optimización relacionadas.}
}

@article{nelder1972generalized,
  title={Generalized Linear Models},
  author={Nelder, John A. and Wedderburn, Robert W.M.},
  journal={Journal of the Royal Statistical Society. Series A (General)},
  volume={135},
  number={3},
  pages={370--384},
  year={1972},
  publisher={JSTOR}
}

@book{mccullagh1989generalized,
  title={Generalized Linear Models},
  author={McCullagh, Peter and Nelder, John A.},
  edition={2},
  year={1989},
  publisher={Chapman and Hall/CRC},
  isbn={978-0-412-31760-6},
  note={Comprehensive coverage of the theory and practice of generalized linear models.}
}


@article{Wang2017,
  title={Budgeting for Maintenance: Balancing Cost and Quality},
  author={Wang, Li},
  journal={Financial Management in Manufacturing},
  volume={8},
  number={2},
  pages={154-165},
  year={2017}
}

@article{Cheng2019,
  title={Supply Chain Disruptions and Response Strategies},
  author={Cheng, Sophia},
  journal={Logistics Management},
  volume={42},
  number={1},
  pages={35-45},
  year={2019}
}

@article{TaylorSchmidt2020,
  title={Workplace Stress in the Maintenance Industry: An Analysis},
  author={Taylor, Peter and Schmidt, Laura},
  journal={Safety and Health at Work},
  volume={18},
  number={3},
  pages={210-222},
  year={2020}
}

@article{GonzalezMartinez2022,
  title={Prioritizing Safety in Industrial Maintenance Operations},
  author={González, María and Martínez, Luis},
  journal={Journal of Safety Research},
  volume={66},
  pages={99-110},
  year={2022}
}

@article{Morales2020,
  title={Data-Driven Maintenance: A Step Towards Industry 4.0},
  author={Morales, David},
  journal={Advanced Manufacturing},
  volume={12},
  number={1},
  pages={34-45},
  year={2020}
}


@book{breiman1984classification,
  title={Classification and Regression Trees},
  author={Breiman, Leo and others},
  year={1984},
  publisher={Wadsworth International Group}
}

@article{breiman2001random,
  title={Random Forests},
  author={Breiman, Leo},
  journal={Machine Learning},
  volume={45},
  number={1},
  pages={5--32},
  year={2001},
  publisher={Kluwer Academic Publishers}
}


@book{Castaneda2004,
    author = {Castañeda Blanco, L.},
    year = {2004},
    title = {Probabilidad},
    publisher = {Departamento de Estadística de la Universidad Nacional de Colombia},
    address = {Bogotá}
}

@article{Assis2021,
    author = {Assis, Rui and Marques, Pedro Carmona},
    year = {2021},
    title = {A Dynamic Methodology for Setting Up Inspection Time Intervals in Conditional Preventive Maintenance},
    journal = {Applied Sciences},
    volume = {11},
    number = {18}
}

@book{Martinez2020,
    author = {Martínez, L.},
    year = {2020},
    title = {Planes de Mantenimiento Industrial: Guía Práctica},
    publisher = {Editorial Tecnológico}
}

@article{Carcel-Carrasco2016,
    author = {Carcel-Carrasco, F.},
    year = {2016},
    title = {HISTORICAL EVOLUTION OF INDUSTRIAL MAINTENANCE IN RELATION TO KNOWLEDGE MANAGEMENT},
    journal = {DYNA},
    volume = {91},
    number = {6},
    pages = {590-595},
    doi = {10.6036/7890}
}

@book{Smith2018,
    author = {Smith, J.},
    year = {2018},
    title = {Gestión de la fiabilidad en mantenimiento industrial: Conceptos clave y mejores prácticas},
    publisher = {Editorial Industrial}
}

@book{Garcia2003,
    author = {García Garrido, Santiago},
    year = {2003},
    title = {Organización y gestión integral de mantenimiento: manual práctico para la implantación de sistemas de gestión avanzados de mantenimiento industrial},
    edition = {Primera edición, reimpresión 2017, 2021},
    publisher = {Díaz de Santos},
    address = {Madrid}
}

@article{Garcia2017,
    author = {García, A.},
    year = {2017},
    title = {Análisis de los costos de mantenimiento industrial: un estudio de caso en una empresa manufacturera},
    journal = {Revista de Ingeniería Industrial},
    volume = {15},
    number = {2},
    pages = {35-50}
}


@article{Nardo2021,
    author = {Nardo, M. and Converso, G. and Castagna, F. and Murino, T.},
    year = {2021},
    title = {Development and implementation of an algorithm for preventive machine maintenance},
    journal = {Engineering Solid Mechanics},
    volume = {9},
    number = {4},
    pages = {347-362}
}

@article{Legat2017,
    author = {Legát, V. and Mošna, F. and Aleš, Z. and Jurča, V.},
    year = {2017},
    title = {Preventive maintenance models – higher operational reliability},
    journal = {Eksploatacja i Niezawodnosc – Maintenance and Reliability},
    volume = {19},
    number = {1},
    pages = {134-141},
    url = {http://dx.doi.org/10.17531/ein.2017.1.19}
}


@article{Kumar2018,
    author = {Kumar, U. and Asif, M. and Singh, S. and Kumar, P.},
    year = {2018},
    title = {Evaluation of the effect of maintenance type on the productivity of a manufacturing system: A case study},
    journal = {Journal of Quality in Maintenance Engineering},
    volume = {24},
    number = {2},
    pages = {206-228}
}

@book{Jardine2013,
    author = {Jardine, A. K. S. and Tsang, A. H. C.},
    year = {2013},
    title = {Maintenance, Replacement, and Reliability: Theory and Applications},
    edition = {2nd},
    publisher = {CRC Press}
}


@inproceedings{Olarte2010ImportanciaDM,
  title={Importancia del mantenimiento industrial dentro de los procesos de producción},
  author={Olarte, C. William and Botero, A. Marcela and Cañon, A. Benhur},
  year={2010},
  url={https://api.semanticscholar.org/CorpusID:162026134}
}

@article{ARROYOVACA2022ImportanciaDL,
  title={Importancia de la implementación de mantenimiento preventivo en las plantas de producción para optimizar procesos},
  author={Arroyo Vaca, Cristian Sebastián and Obando Quito, Romel Fabian},
  journal={E-IDEA Journal of Engineering Science},
  year={2022}
}

@book{Tabachnick2013,
    author = {Tabachnick, Barbara G. and Fidell, Linda S.},
    year = {2013},
    title = {Using Multivariate Statistics},
    edition = {6th},
    publisher = {Pearson}
}


@article{Samuel1959,
    author = {Samuel, Arthur L.},
    year = {1959},
    title = {Some Studies in Machine Learning Using the Game of Checkers},
    publisher = {IBM}
}

@book{Hastie2009,
    author = {Hastie, Trevor and Tibshirani, Robert and Friedman, Jerome},
    year = {2009},
    title = {The Elements of Statistical Learning: Data Mining, Inference, and Prediction},
    edition = {2nd},
    publisher = {Springer}
}

@book{Witten2016,
    author = {Witten, Ian H. and Frank, Eibe and Hall, Mark A. and Pal, Christopher J.},
    year = {2016},
    title = {Data Mining: Practical Machine Learning Tools and Techniques},
    edition = {4th},
    publisher = {Morgan Kaufmann}
}

@book{Bishop2006,
    author = {Bishop, Christopher M.},
    year = {2006},
    title = {Pattern Recognition and Machine Learning},
    publisher = {Springer}
}


@article{Hunter2007,
    author = {Hunter, John D.},
    year = {2007},
    title = {Matplotlib: A 2D graphics environment},
    journal = {Computing in Science and Engineering},
    volume = {9},
    number = {3},
    pages = {90-95},
    doi = {10.1109/MCSE.2007.55},
    url = {https://doi.org/10.1109/MCSE.2007.55}
}

@manual{PythonSoftwareFoundation2022,
    author = {{Python Software Foundation}},
    year = {2022},
    title = {Python Language Reference, version 3.10.2}
}


@book{McKinney2010,
    author = {McKinney, Wes},
    year = {2010},
    title = {Python for Data Analysis},
    publisher = {O'Reilly Media}
}

@Article{QuinteroM2014,
  author  = {Quintero M, Maria Alejandra / Duran, Mariano},
  journal = {Bosque (Valdivia) [online]. 2004, vol.25, n.3 [cited 2021-11-24], pp.45-55},
  title   = {Análisis del error tipo I en las pruebas de bondad de ajuste e independencia utilizando el muestreo con parcelas de tamano variable (Bitterlich)},
  year    = {2004},
}


@Book{Lind2012,
  author    = {Lind, Douglas A and Marchal, William G and Wathen,Samuel A.},
  editor    = {McGraw, Hill},
  publisher = {2012},
  title     = {Estadistica aplicada a los negocios y la economia},
  year      = {2012},
  edition   = {15ed},
  isbn      = {978-607-15-0742-6},
}
