% Encoding: UTF-8

@Article{MorenoQuintero2019,
  author    = {Moreno Quintero,E and Nives Cruz, V},
  journal   = {Sciences Engineering medicine},
  title     = {Modelos de probabilidad en transporte e ingeniería. usos comunes y ajuste de datos},
  year      = {2019},
  publisher = {Universidad Nacional de Colombia},
}

@Article{diaz2002analisis,
	author  = {D{\'\i}az, Luis G and Morales, M},
	title   = {An{\'a}lisis estad{\'\i}stico de datos categ{\'o}ricos},
	journal = {Notas de Clase del Departamento de Estad{\'\i}stica de la Universidad Nacional de Colombia. Bogot{\'a}: Universidad Nacional de Colombia},
	year    = {2002},
}

  @Manual{R,
	title = {R: A Language and Environment for Statistical Computing},
	author = {{R Core Team}},
	organization = {R Foundation for Statistical Computing},
	address = {Vienna, Austria},
	year = {2020},
	url = {https://www.R-project.org/},
}

@Article{QuinteroM2014,
  author  = {Quintero M, Maria Alejandra / Duran, Mariano},
  journal = {Bosque (Valdivia) [online]. 2004, vol.25, n.3 [cited 2021-11-24], pp.45-55},
  title   = {Análisis del error tipo I en las pruebas de bondad de ajuste e independencia utilizando el muestreo con parcelas de tamano variable (Bitterlich)},
  year    = {2004},
}

@Article{AlvesdaSilva2017,
  author  = {Alves da Silva, Leandro and Ferreira Pinheiro, Ricardo},
  journal = {Universidade Federal do Rio Grande do Norte},
  title   = {Reliability applied to the Preventive Maintenance on Wind Farms using Weibull distribution with a Financial Approach},
  year    = {2017},
}

@Book{Lind2012,
  author    = {Lind, Douglas A and Marchal, William G and Wathen,Samuel A.},
  editor    = {McGraw, Hill},
  publisher = {2012},
  title     = {Estadistica aplicada a los negocios y la economia},
  year      = {2012},
  edition   = {15ed},
  isbn      = {978-607-15-0742-6},
}

@Article{leiva2010revision,
  author    = {Leiva-Valdebenito, Susana A and Torres-Avil{\'e}s, Francisco J and others},
  title     = {Una revisi{\'o}n de los algoritmos de partici{\'o}n m{\'a}s comunes en el an{\'a}lisis de conglomerados: un estudio comparativo},
  journal   = {Revista Colombiana de Estad{\'\i}stica; Vol. 33, n{\'u}m. 2 (2010); 321-339 Revista Colombiana de Estad{\'\i}stica; Vol. 33, n{\'u}m. 2 (2010); 321-339 0120-1751},
  year      = {2010},
  publisher = {Universidad Nacional de Colombia},
}

@Book{CastanedaBlanco2004,
  author    = {Castañeda Blanco,LIliana},
  editor    = {Unibiblos},
  publisher = {Departamento de Estad{\'\i}stica de la Universidad Nacional de Colombia. Bogot{\'a}:},
  title     = {Probabilidad},
  year      = {2004},
  journal   = {Notas de Clase del Departamento de Estad{\'\i}stica de la Universidad Nacional de Colombia. Bogot{\'a}: Universidad Nacional de Colombia},
}

@Article{SerranoRico2013,
  author  = {Serrano Rico, Juan},
  journal = {{Scientia et Technica}},
  title   = {Comparación de métodos para determinar los parámetros de Weibull para la generación de energía eólica},
  year    = {2013},
  doi     = {10.22517/23447214.7823},
  url     = {https://revistas.utp.edu.co/index.php/revistaciencia/article/view/7823},
}

@Comment{jabref-meta: databaseType:bibtex;}
